@article{,
	author = {},
	title = {},
	journal = {},
	year = {},
	volume = {},
	pages = {x--x},
	doi = {http://dx.doi.org/},
	}

@article{Bakker2012,
	author = {Bakker, M. and van Dijk, A. and Wicherts, J. M.},
	title = {The rules of the game called psychological science},
	journal = {Perspectives on Psychological Science},
	year = {2012},
	volume = {7},
	pages = {543--554},
	doi = {http://dx.doi.org/10.1177/1745691612459060},
	}
	
@article{Boneau1960,
	author = {Boneau, C. Alan},
	title = {The effects of violations of assumptions underlying the t test},
	journal = {Psychological Bulletin},
	year = {1960},
	volume = {57},
	pages = {49--64},
	doi = {http://dx.doi.org/10.1037/h0041412},
	}	
	
@book{Box1973,
	author = {Box, G. E. P. and Tiao, G. C.},
	title = {Bayesian inference in statistical analysis},
	year = {1973},
	publisher = {Addison-Wesley Publishing Company},
	city = {Reading, MA},
}

@article{Brown1974,
	author = {Brown, M. B. and Forsythe, A. B.},
	title = {Robust tests for equality of variances},
	journal = {Journal of the American Statistical Association},
	year = {1974},
	volume = {69},
	pages = {364--367},
	doi = {http://dx.doi.org/10.1080/01621459.1974.10482955},
}
	
@article{Cohen1992,
	author = {Cohen, J.},
	title = {A power primer},
	journal = {Psychological Bulletin},
	year = {1992},
	volume = {112},
	pages = {155--159},
	doi = {http://dx.doi.org/10.1037/0033-2909.112.1.155},
}
	
@article{Coombs1996,
	author = {Coombs, W. T. and Algina, J. and Oltman, D. O.},
	title = {Univariate and multivariate omnibus hypothesis tests selected to control type I error rates when population variances are not necessarily equal},
	journal = {Review of Educational Research},
	year = {1996},
	volume = {66},
	pages = {137--179},
	doi = {http://dx.doi.org/10.3102/00346543066002137},
}	

@article{Cramer2016,
	author = {Cramer, A. O. J. and van Ravenzwaaij, D. and Matzke, D. and Steingroever, H. and Wetzels, R. and Grasman, R. P. P. P. and Waldorp, L. J. and Wagenmakers, E.-J.},
	title = {Hidden multiplicity in exploratory multiway ANOVA: Prevalence and remedies},
	journal = {Psychonomic Bulletin \& Review},
	year = {2016},
	volume = {23},
	pages = {640-647},
	doi = {http://dx.doi.org/10.3758/s13423-015-0913-5},
}
	
@article{Cumming2014,
	author = {Cumming, G.},
	title = {The new statistics: Why and how},
	journal = {Psychological Science},
	year = {2014},
	volume = {25},
	pages = {7--29},
	doi = {http://dx.doi.org/10.1177/0956797613504966},
	}
	
@article{Delacre2017,
	author = {Delacre, M. and Lakens, D. and Leys, C.},
	title = {Why psychologists should by default use Welch's t-test instead of Student's t-test},
	journal = {International Review of Social Psychology},
	year = {2017},
	volume = {30},
	pages = {92--101},
	doi = {http://dx.doi.org/10.5334/irsp.82},
	}

@article{Fiedler2012,
	author = {Fiedler, K. and Kutzner, F. and Krueger, J. I.},
	title = {The long way from alpha-error control to validity proper: Problems with a short-sighted false-positive debate},
	journal = {Perspectives on Psychological Science},
	year = {2012},
	volume = {7},
	pages = {661--669},
	doi = {http://dx.doi.org/10.1177/1745691612462587},
	}
	
@article{Grissom2001,
	author = {Grissom, R. J. and Kim, J. J.},
	title = {Review of assumptions and problems in the appropriate conceptualization of effect size},
	journal = {Psychological Methods},
	year = {2001},
	volume = {6},
	pages = {135--146},
	doi = {http://dx.doi.org/10.1037//1082-989X.6.2.135},
}
	
@book{Gonzalez2008,
	author = {Gonzalez, Richard},
	title = {Data analysis for experimental design},
	year = {2008},
	address = {New York, NY},
	publisher = {Guilford Press},
	}	

@article{Ioannidis2008,
	author = {Ioannidis, J. P. A.},
	title = {Why most discovered true associations are inflated},
	journal = {Epidemiology},
	year = {2008},
	volume = {19},
	pages = {640--648},
	doi = {http://dx.doi.org/10.1097/EDE.ObO},
	}

@article{Ioannidis2012,
	author = {Ioannidis, J. P. A.},
	title = {Why science is not necessarily self-correcting},
	journal = {Perspectives on Psychological Science},
	year = {2012},
	volume = {7},
	pages = {645--654},
	doi = {http://dx.doi.org/10.1177/1745691612464056},
	}
	
@article{Kelley2012,
	author = {Kelley, K. and Preacher, K. J.},
	title = {On effect size},
	journal = {Psychological Methods},
	year = {2012},
	volume = {17},
	pages = {137--152},
	doi = {http://dx.doi.org/10.1037/a0028086},
}

@article{Kruschke2013,
	author = {Kruschke, J. K.},
	title = {Bayesian estimation supersedes the t test},
	journal = {Journal of Experimental Psychology: General},
	year = {2013},
	volume = {142},
	pages = {573--603},
	doi = {http://dx.doi.org/10.1037/a0029146},
}

@chapter{Levene1960,
	author = {Levene, H.},
	title = {Robust tests for equality of variances},
	booktitle = {Contributions to probability and statistics: Essays in honor of Harold Hotelling},
	year = {1960},
	pages = {278--292},
	publisher = {Stanford University Press},
	city = {Stanford, CA},
}

@article{Moser1989,
	author = {Moser, B. K. and Stevens, G. R. and Watts, C. L.},
	title = {The two-sample t test versus Satterthwaite's approximate F test},
	journal = {Communication in Statistics - Theory and Methods},
	year = {1989},
	volume = {18},
	pages = {3963--3975},
	doi = {http://dx.doi.org/10.1080/03610928908830135},
}
	
@article{Moser1992,
	author = {Moser, B. K. and Stevens, G. R.},
	title = {Homogeneity of variance in the two-sample means test},
	journal = {The American Statistician},
	year = {1992},
	volume = {46},
	pages = {19--21},
	doi = {http://dx.doi.org/10.2307/2684403},
}	

@article{Neuhauser2002,
	author = {Neuh{\"a}user, Markus},
	title = {Two-sample tests when variances are unequal},
	journal = {Animal Behaviour},
	year = {2002},
	volume = {63},
	pages = {823--825},
	doi = {http://dx.doi.org/10.1006/anbe.2002.1993},
	}
	
@article{Nosek2012,
	author = {Nosek, B. A. and Spies, J. R and Motyl, M.},
	title = {Scientific utopia: {II. Restructuring} incentives and practices to promote truth over publishability},
	journal = {Perspectives on Psychological Science},
	year = {2012},
	volume = {7},
	pages = {615--631},
	doi = {http://dx.doi.org/10.1177/1745691612459058},
	}
	
@article{Overall1995,
	author = {Overall, J. E. and Atlas, R. S. and Gibson, J. M.},
	title = {Power of a test that is robust against variance heterogeneity},
	journal = {Psychological Reports},
	year = {1995},
	volume = {77},
	pages = {155--159},
	doi = {http://dx.doi.org/10.2466/pr0.1995.77.1.155},
}
	
@article{Pashler2012,
	author = {Pashler, H. and Harris, C. R.},
	title = {Is the replicability crisis overblown? Three arguments examined},
	journal = {Perspectives on Psychological Science},
	year = {2012},
	volume = {7},
	pages = {531--536},
	doi = {http://dx.doi.org/10.1177/1745691612463401},
	}	

@article{Peng2013,
	author = {Peng, C.-Y. J. and Chen, L.-T.},
	title = {Beyond Cohen's d: Alternative effect size measures for between-subject designs},
	journal = {The Journal of Experimental Education},
	year = {2013},
	volume = {82},
	pages = {22--50},
	doi = {http://dx.doi.org/10.1080/00220973.2012.745471},
}	
	
@article{Satterthwaite1946,
	author = {Satterthwaite, Franklin E.},
	title = {An approximate distribution of estimates of variance components},
	journal = {Biometrics Bulletin},
	year = {1946},
	volume = {2},
	pages = {110--114},
	doi = {http://dx.doi.org/10.2307/3002019},
	}	
	
@article{Simmons2011,
	author = {Simmons, J. P. and Nelson, L. D. and Simonsohn, U.},
	title = {False-positive psychology: Undisclosed flexibility in data collection and analysis allows presenting anything as significant},
	journal = {Psychological Science},
	year = {2011},
	volume = {22},
	pages = {1359--1366},
	doi = {http://dx.doi.org/10.1177/0956797611417632},
	}	
	
@article{Student1908,
	author = {Student},
	title = {The probable error of a mean},
	journal = {Biometrika},
	year = {1908},
	volume = {6},
	pages = {1--25},
	doi = {http://dx.doi.org/10.1093/biomet/6.1.1},
	}	
	
@article{Wagenmakers2012,
	author = {Wagenmakers, E.-J. and Wetzels, R. W. and Borsboom, D. and van der Maas, H. L. J. and Kievit, R. A.},
	title = {An agenda for purely confirmatory research},
	journal = {Perspectives on Psychological Science},
	year = {2012},
	volume = {7},
	pages = {632--638},
	doi = {http://dx.doi.org/10.1177/1745691612463078},
	}	
	
@article{Welch1938,
	author = {Welch, B. L.},
	title = {The significance of the difference between two means when the population variances are unequal},
	journal = {Biometrika},
	year = {1938},
	volume = {29},
	pages = {350--362},
	doi = {http://dx.doi.org/10.1093/biomet/29.3-4.350},
	}
	
@article{Zimmerman1996,
	author = {Zimmerman, Donald W.},
	title = {Some properties of preliminary tests of equality of variances in the two-sample location problem},
	journal = {The Journal of General Psychology},
	year = {1996},
	volume = {123},
	pages = {217--231},
	doi = {http://dx.doi.org/10.1080/00221309.1996.9921274},
	}	
	
@article{Zimmerman2004,
	author = {Zimmerman, Donald W.},
	title = {A note on preliminary tests of equality of variances},
	journal = {British Journal of Mathematical and Statistical Psychology},
	year = {2004},
	volume = {57},
	pages = {173--181},
	doi = {http://dx.doi.org/10.1348/000711004849222},
	}		
	
@article{Zimmerman1993,
	author = {Zimmerman, Donald W. and Zumbo, Bruno D.},
	title = {Rank transformations and the power of the Student t test and Welch t' test for non-normal populations with unequal variances},
	journal = {Canadian Journal of Experimental Psychology},
	year = {1993},
	volume = {47},
	pages = {523-539},
	doi = {http://dx.doi.org/10.1037/h0078850}
}	

@article{Zimmerman2009,
	author = {Zimmerman, Donald W. and Zumbo, Bruno D.},
	title = {Hazards in choosing between pooled and separate-variances t tests},
	journal = {Psicol{\'o}gica},
	year = {2009},
	volume = {30},
	pages = {371-390}
}

	