@article{,
	author = {},
	title = {},
	journal = {},
	year = {},
	volume = {},
	pages = {x--x},
	doi = {http://dx.doi.org/},
	}

@article{Bakker2012,
	author = {Bakker, M. and van Dijk, A. and Wicherts, J. M.},
	title = {The rules of the game called psychological science},
	journal = {Perspectives on Psychological Science},
	year = {2012},
	volume = {7},
	pages = {543--554},
	doi = {http://dx.doi.org/10.1177/1745691612459060},
	}
	
@article{Cumming2014,
	author = {G. Cumming},
	title = {The new statistics: Why and how},
	journal = {Psychological Science},
	year = {2014},
	volume = {25},
	pages = {7--29},
	doi = {http://dx.doi.org/10.1177/0956797613504966},
	}

@article{Fiedler2012,
	author = {Fiedler, K. and Kutzner, F. and Krueger, J. I.},
	title = {The long way from \alpha-error control to validity proper: Problems with a short-sighted false-positive debate},
	journal = {Perspectives on Psychological Science},
	year = {2012},
	volume = {7},
	pages = {661--669},
	doi = {http://dx.doi.org/10.1177/1745691612462587},
	}
	
@article{Gonzalez2008,
	author = {Gonzalez, Richard},
	title = {Data analysis for experimental design},
	year = {2008},
	address = {New York, NY},
	publisher = {Guilford Press},
	}	

@article{Ioannidis2008,
	author = {Ioannidis, J. P. A.},
	title = {Why most discovered true associations are inflated},
	journal = {Epidemiology},
	year = {2008},
	volume = {19},
	pages = {640--648},
	doi = {http://dx.doi.org/10.1097/EDE.ObO},
	}

@article{Ioannidis2012,
	author = {Ioannidis, J. P. A.},
	title = {Why science is not necessarily self-correcting},
	journal = {Perspectives on Psychological Science},
	year = {2012},
	volume = {7},
	pages = {645--654},
	doi = {http://dx.doi.org/10.1177/1745691612464056},
	}	
	
@article{Nosek2012,
	author = {Nosek, B. A. and Spies, J. R and Motyl, M.},
	title = {Scientific utopia: {II. Restructuring} incentives and practices to promote truth over publishability},
	journal = {Perspectives on Psychological Science},
	year = {2012},
	volume = {7},
	pages = {615--631},
	doi = {http://dx.doi.org/10.1177/1745691612459058},
	}
	
@article{Pashler2012,
	author = {Pashler, H., and Harris, C. R.},
	title = {Is the replicability crisis overblown? Three arguments examined},
	journal = {Perspectives on Psychological Science},
	year = {2012},
	volume = {7},
	pages = {531--536},
	doi = {http://dx.doi.org/10.1177/1745691612463401},
	}	
	
@article{Satterthwaite1946,
	author = {Satterthwaite, Franklin E.},
	title = {An approximate distribution of estimates of variance components},
	journal = {Biometrics Bulletin},
	year = {1946},
	volume = {2},
	pages = {110--114},
	doi = {http://dx.doi.org/10.2307/3002019},
	}	
	
@article{Simmons2011,
	author = {Simmons, J. P. and Nelson, L. D. and Simonsohn, U.},
	title = {False-positive psychology: Undisclosed flexibility in data collection and analysis allows presenting anything as significant},
	journal = {Psychological Science},
	year = {2011},
	volume = {22},
	pages = {1359--1366},
	doi = {http://dx.doi.org/10.1177/0956797611417632},
	}	
	
@article{Student1908,
	author = {Student},
	title = {The probable error of a mean},
	journal = {Biometrika},
	year = {1908},
	volume = {6},
	pages = {1--25},
	doi = {http://dx.doi.org/10.1093/biomet/6.1.1},
	}	
	
@article{Wagenmakers2012,
	author = {Wagenmakers, E.-J. and Wetzels, R. W. and Borsboom, D. and van der Maas, H. L. J. and Kievit, R. A.},
	title = {An agenda for purely confirmatory research},
	journal = {Perspectives on Psychological Science},
	year = {2012},
	volume = {7},
	pages = {632--638},
	doi = {http://dx.doi.org/10.1177/1745691612463078},
	}	
	
@article{Welch1938,
	author = {Welch, B. L.},
	title = {The significance of the difference between two means when the population variances are unequal},
	journal = {Biometrika},
	year = {1938},
	volume = {29},
	pages = {350--362},
	doi = {http://dx.doi.org/10.1093/biomet/29.3-4.350},
	}
	
@article{Zimmerman1996,
	author = {Zimmerman, Donald W.},
	title = {Some properties of preliminary tests of equality of variances in the two-sample location problem},
	journal = {The Journal of General Psychology},
	year = {1996},
	volume = {123},
	pages = {217--231},
	doi = {http://dx.doi.org/10.1080/00221309.1996.9921274},
	}	
	
@article{Zimmerman2004,
	author = {Zimmerman, Donald W.},
	title = {A note on preliminary tests of equality of variances},
	journal = {British Journal of Mathematical and Statistical Psychology},
	year = {2004},
	volume = {57},
	pages = {173--181},
	doi = {http://dx.doi.org/10.1348/000711004849222},
	}		
	