@article{Small2007,
author = {Small, Deborah A. and Loewenstein, George and Slovic, Paul},
title = {Sympathy and callousness: The impact of deliberative thought on donations to identifiable and statistical victims},
journal = {Organizational Behavior and Human Decision Processes},
year = {2007},
volume = {102},
pages = {143--153},
doi = {http://dx.doi.org/10.1016/j.obhdp.2006.01.005},
}